@inproceedings{agrawal2009asynchronous,
  title={Asynchronous view maintenance for VLSD databases},
  author={Agrawal, Parag and Silberstein, Adam and Cooper, Brian F and Srivastava, Utkarsh and Ramakrishnan, Raghu},
  booktitle={Proceedings of the 2009 ACM SIGMOD International Conference on Management of data},
  pages={179--192},
  year={2009},
  organization={ACM}
}

@thesis{arniThesis,
  title={Managing Updates and Transformations in Data Sharing Systems (M.Sc Thesis)},
  author={Arni Mar Thrastarson},
  year={2014},
  organization={UBC}
}

@incollection{vassiliadis2009extraction,
  title={Extraction, transformation, and loading},
  author={Vassiliadis, Panos and Simitsis, Alkis},
  booktitle={Encyclopedia of Database Systems},
  pages={1095--1101},
  year={2009},
  publisher={Springer}
}

@inproceedings{raman2001potter,
  title={Potter's wheel: An interactive data cleaning system},
  author={Raman, Vijayshankar and Hellerstein, Joseph M},
  booktitle={VLDB},
  volume={1},
  pages={381--390},
  year={2001}
}

@article{lakshmanan2001schemasql,
  title={SchemaSQL: An extension to SQL for multidatabase interoperability},
  author={Lakshmanan, Laks VS and Sadri, Fereidoon and Subramanian, Subbu N},
  journal={ACM Transactions on Database Systems (TODS)},
  volume={26},
  number={4},
  pages={476--519},
  year={2001},
  publisher={ACM}
}

@article{karvounarakis2013collaborative,
  title={Collaborative data sharing via update exchange and provenance},
  author={Karvounarakis, Grigoris and Green, Todd J and Ives, Zachary G and Tannen, Val},
  journal={ACM Transactions on Database Systems (TODS)},
  volume={38},
  number={3},
  pages={19},
  year={2013},
  publisher={ACM}
}

@inproceedings{kandel2011wrangler,
  title={Wrangler: Interactive visual specification of data transformation scripts},
  author={Kandel, Sean and Paepcke, Andreas and Hellerstein, Joseph and Heer, Jeffrey},
  booktitle={Proceedings of the SIGCHI Conference on Human Factors in Computing Systems},
  pages={3363--3372},
  year={2011},
  organization={ACM}
}

@inproceedings{ives2005orchestra,
  title={ORCHESTRA: Rapid, Collaborative Sharing of Dynamic Data.},
  author={Ives, Zachary G and Khandelwal, Nitin and Kapur, Aneesh and Cakir, Murat},
  booktitle={CIDR},
  pages={107--118},
  year={2005}
}

@article{ives2008orchestra,
  title={The ORCHESTRA collaborative data sharing system},
  author={Ives, Zachary G and Green, Todd J and Karvounarakis, Grigoris and Taylor, Nicholas E and Tannen, Val and Talukdar, Partha Pratim and Jacob, Marie and Pereira, Fernando},
  journal={ACM SIGMOD Record},
  volume={37},
  number={3},
  pages={26--32},
  year={2008},
  publisher={ACM}
}

@book{gupta1999materialized,
  title={Materialized views: techniques, implementations, and applications},
  author={Gupta, Ashish and Mumick, Inderpal Singh and others},
  volume={132},
  year={1999},
  publisher={MIT press Cambridge}
}

@inproceedings{agrawal1997efficient,
  title={Efficient view maintenance at data warehouses},
  author={Agrawal, Divyakant and El Abbadi, Amr and Singh, Ambuj and Yurek, Tolga},
  booktitle={ACM SIGMOD Record},
  volume={26},
  pages={417--427},
  year={1997},
  organization={ACM}
}

@article{abiteboul1999tools,
  title={Tools for data translation and integration},
  author={Abiteboul, Serge and Cluet, Sophie and Milo, Tova and Mogilevsky, Pini and Sim{\'e}on, Jerome and Zohar, Sagit},
  journal={IEEE Data Eng. Bull.},
  volume={22},
  number={1},
  pages={3--8},
  year={1999}
}

@inproceedings{zhou2007lazy,
  title={Lazy maintenance of materialized views},
  author={Zhou, Jingren and Larson, Per-Ake and Elmongui, Hicham G},
  booktitle={Proceedings of the 33rd international conference on Very large data bases},
  pages={231--242},
  year={2007},
  organization={VLDB Endowment}
}

@incollection{bry2002towards,
  title={Towards a declarative query and transformation language for XML and semistructured data: Simulation unification},
  author={Bry, Fran{\c{c}}ois and Schaffert, Sebastian},
  booktitle={Logic Programming},
  pages={255--270},
  year={2002},
  publisher={Springer}
}

@article{rahm2000data,
  title={Data cleaning: Problems and current approaches},
  author={Rahm, Erhard and Do, Hong Hai},
  journal={IEEE Data Eng. Bull.},
  volume={23},
  number={4},
  pages={3--13},
  year={2000}
}

@article{galhardas2001declarative,
  title={Declarative data cleaning: Language, model, and algorithms},
  author={Galhardas, Helena and Florescu, Daniela and Shasha, Dennis and Simon, Eric and Saita, Cristian},
  year={2001}
}

@inproceedings{tarau2009embedded,
  title={An embedded declarative data transformation language},
  author={Tarau, Paul},
  booktitle={Proceedings of the 11th ACM SIGPLAN conference on Principles and practice of declarative programming},
  pages={171--182},
  year={2009},
  organization={ACM}
}

@inproceedings{kandel2012profiler,
  title={Profiler: Integrated statistical analysis and visualization for data quality assessment},
  author={Kandel, Sean and Parikh, Ravi and Paepcke, Andreas and Hellerstein, Joseph M and Heer, Jeffrey},
  booktitle={Proceedings of the International Working Conference on Advanced Visual Interfaces},
  pages={547--554},
  year={2012},
  organization={ACM}
}

@inproceedings{lawley2006practical,
  title={Practical declarative model transformation with Tefkat},
  author={Lawley, Michael and Steel, Jim},
  booktitle={Satellite Events at the MoDELS 2005 Conference},
  pages={139--150},
  year={2006},
  organization={Springer}
}

@inproceedings{ilprints409,
       booktitle = {ACM SIGMOD Workshop on The Web and Databases ( WebDB 1999) },
           title = {From Semistructured Data to XML: Migrating the Lore Data Model and Query Language},
          author = {R. Goldman and J. McHugh and J. Widom},
            year = {1999},
        keywords = {XML, semistructured data, Lore, Lorel},
}

@techreport{galhardas:inria-00072476,
  TITLE = {{Declarative Data Cleaning : Language, Model, and Algorithms}},
  AUTHOR = {Galhardas, Helena and Florescu, Daniela and Shasha, Dennis and Simon, Eric and Saita, Cristian},
  URL = {https://hal.inria.fr/inria-00072476},
  NOTE = {Projet CARAVEL},
  TYPE = {Research Report},
  NUMBER = {RR-4149},
  YEAR = {2001},
  KEYWORDS = {SIMILARITY JOIN ; QUERY OPTIMIZATION ; DATA TRANSFORMATIONS ; DATA QUALITY},
  PDF = {https://hal.inria.fr/inria-00072476/file/RR-4149.pdf},
  HAL_ID = {inria-00072476},
  HAL_VERSION = {v1},
}