@inproceedings{agrawal2009asynchronous,
  title={Asynchronous view maintenance for VLSD databases},
  author={Agrawal, Parag and Silberstein, Adam and Cooper, Brian F and Srivastava, Utkarsh and Ramakrishnan, Raghu},
  booktitle={Proceedings of the 2009 ACM SIGMOD International Conference on Management of data},
  pages={179--192},
  year={2009},
  organization={ACM}
}

@thesis{arniThesis,
  title={Managing Updates and Transformations in Data Sharing Systems (M.Sc Thesis)},
  author={Arni Mar Thrastarson},
  year={2014},
  organization={UBC}
}

@incollection{vassiliadis2009extraction,
  title={Extraction, transformation, and loading},
  author={Vassiliadis, Panos and Simitsis, Alkis},
  booktitle={Encyclopedia of Database Systems},
  pages={1095--1101},
  year={2009},
  publisher={Springer}
}

@inproceedings{raman2001potter,
  title={Potter's wheel: An interactive data cleaning system},
  author={Raman, Vijayshankar and Hellerstein, Joseph M},
  booktitle={VLDB},
  volume={1},
  pages={381--390},
  year={2001}
}

@article{lakshmanan2001schemasql,
  title={SchemaSQL: An extension to SQL for multidatabase interoperability},
  author={Lakshmanan, Laks VS and Sadri, Fereidoon and Subramanian, Subbu N},
  journal={ACM Transactions on Database Systems (TODS)},
  volume={26},
  number={4},
  pages={476--519},
  year={2001},
  publisher={ACM}
}

@article{karvounarakis2013collaborative,
  title={Collaborative data sharing via update exchange and provenance},
  author={Karvounarakis, Grigoris and Green, Todd J and Ives, Zachary G and Tannen, Val},
  journal={ACM Transactions on Database Systems (TODS)},
  volume={38},
  number={3},
  pages={19},
  year={2013},
  publisher={ACM}
}

@inproceedings{kandel2011wrangler,
  title={Wrangler: Interactive visual specification of data transformation scripts},
  author={Kandel, Sean and Paepcke, Andreas and Hellerstein, Joseph and Heer, Jeffrey},
  booktitle={Proceedings of the SIGCHI Conference on Human Factors in Computing Systems},
  pages={3363--3372},
  year={2011},
  organization={ACM}
}

@inproceedings{ives2005orchestra,
  title={ORCHESTRA: Rapid, Collaborative Sharing of Dynamic Data.},
  author={Ives, Zachary G and Khandelwal, Nitin and Kapur, Aneesh and Cakir, Murat},
  booktitle={CIDR},
  pages={107--118},
  year={2005}
}

@article{ives2008orchestra,
  title={The ORCHESTRA collaborative data sharing system},
  author={Ives, Zachary G and Green, Todd J and Karvounarakis, Grigoris and Taylor, Nicholas E and Tannen, Val and Talukdar, Partha Pratim and Jacob, Marie and Pereira, Fernando},
  journal={ACM SIGMOD Record},
  volume={37},
  number={3},
  pages={26--32},
  year={2008},
  publisher={ACM}
}

@book{gupta1999materialized,
  title={Materialized views: techniques, implementations, and applications},
  author={Gupta, Ashish and Mumick, Inderpal Singh and others},
  volume={132},
  year={1999},
  publisher={MIT press Cambridge}
}

@inproceedings{agrawal1997efficient,
  title={Efficient view maintenance at data warehouses},
  author={Agrawal, Divyakant and El Abbadi, Amr and Singh, Ambuj and Yurek, Tolga},
  booktitle={ACM SIGMOD Record},
  volume={26},
  pages={417--427},
  year={1997},
  organization={ACM}
}

@article{abiteboul1999tools,
  title={Tools for data translation and integration},
  author={Abiteboul, Serge and Cluet, Sophie and Milo, Tova and Mogilevsky, Pini and Sim{\'e}on, Jerome and Zohar, Sagit},
  journal={IEEE Data Eng. Bull.},
  volume={22},
  number={1},
  pages={3--8},
  year={1999}
}

@inproceedings{zhou2007lazy,
  title={Lazy maintenance of materialized views},
  author={Zhou, Jingren and Larson, Per-Ake and Elmongui, Hicham G},
  booktitle={Proceedings of the 33rd international conference on Very large data bases},
  pages={231--242},
  year={2007},
  organization={VLDB Endowment}
}